@article{vggface2dataset,
  author    = {Qiong Cao and
               Li Shen and
               Weidi Xie and
               Omkar M. Parkhi and
               Andrew Zisserman},
  title     = {VGGFace2: {A} dataset for recognising faces across pose and age},
  year      = {2018}
}

@unpublished{miviagender,
  author	    = {Antonio Greco and
  			   Alessia Saggese and
  			   Mario Vento and
  			   Vincenzo Vigilante},
  title     = {Gender recognition in the wild: a robustness evaluation over corrupted images},
  year      = {2020},
  note      = {unpublished},
}

@unpublished{miviaage,
  author	    = {Antonio Greco and
  			   Alessia Saggese and
  			   Mario Vento and
  			   Vincenzo Vigilante},
  title     = {Effective training of convolutional neural networks for age estimation based on knowledge distillation},
  year      = {2020},
  note      = {unpublished},
}

@InProceedings{mobilenetv3,
author = {Howard, Andrew and Sandler, Mark and Chu, Grace and Chen, Liang-Chieh and Chen, Bo and Tan, Mingxing and Wang, Weijun and Zhu, Yukun and Pang, Ruoming and Vasudevan, Vijay and Le, Quoc V. and Adam, Hartwig},
title = {Searching for MobileNetV3},
booktitle = {Proceedings of the IEEE/CVF International Conference on Computer Vision (ICCV)},
month = {October},
year = {2019}
}